@manual{guide,
author="",
organization="Sun Microsystems",
title="JXTA JavaTM Standard Edition v2.5:Programmers Guide",
url="https://jxta-guide.dev.java.net/source/browse/jxta-guide/trunk/src/",
year="2007",
cited="31.10.2007"
}

@manual{protocols,
author="",
organization="Sun Microsystems",
title="JXTA v2.0 Protocols Specification",
url="https://jxta-spec.dev.java.net/",
year="2007",
cited="11.11.2007"
}

@manual{javadoc,
author="",
organization="Sun Microsystems",
title="JXTA Javadoc",
url="https://jxta-docs.dev.java.net/nonav/jxse-javadoc/2.5/jxse/",
year="",
cited="16.4.2008"
}

@book{jxta-book,
author="Brendon J. Wilson",
title="JXTA",
publisher="New Riders Publishing",
year="2002",
isbn="0-73571-234-4",
address="Indianapolis"
}
